@inproceedings{pyarelal2019,
	Author = {Adarsh Pyarelal and Marco A.~Valenzuela-Esc\'{a}rcega and Rebecca Sharp and Paul D.~Hein and Jon Stephens and Pratik Bhandari and HeuiChan Lim and Saumya Debray and Clayton T.~Morrison},
	Booktitle = {Modeling the World's Systems},
	Date-Added = {2019-05-28 17:43:37 -0700},
	Date-Modified = {2019-05-28 17:51:51 -0700},
	Title = {{AutoMATES}: Automated Model Assembly from Text, Equations, and Software},
	Year = {2019}
}

@inproceedings{EidosIndraDelphi,
	Author = {Rebecca Sharp and Adarsh Pyarelal and Benjamin M.~Gyori and Keith Alcock and Egoitz Laparra and Marco A.~Valenzuela-Esc\'{a}rcega and Ajay Nagesh and Vikas Yadav and John A.~Bachman and Zheng Tang and Heather Lent and Fan Luo and Mithun Paul and Steven Bethard and Kobus Barnard and Clayton T.~Morrison and Mihai Surdeanu},
	Booktitle = {Proceedings of the Conference of the North American Chapter of the Association for Computational Linguistics - Human Language Technologies (NAACL HLT): Software Demonstrations},
	Date-Modified = {2019-05-28 17:51:45 -0700},
	Publisher = {Association for Computational Linguistics},
	Title = {Eidos, {INDRA}, \& {D}elphi: From Free Text to Executable Causal Models},
	Url = {http://clulab.cs.arizona.edu/papers/NAACL2019_2.pdf},
	Year = {2019},
	Bdsk-Url-1 = {http://clulab.cs.arizona.edu/papers/NAACL2019_2.pdf}
}

@article{gyori2017word,
  title={From word models to executable models of signaling networks using automated assembly},
  author={Gyori, Benjamin M and Bachman, John A and Subramanian, Kartik and Muhlich, Jeremy L and Galescu, Lucian and Sorger, Peter K},
  journal={Molecular systems biology},
  volume={13},
  number={11},
  year={2017},
  publisher={John Wiley \& Sons, Ltd}
}

@article{cerami2010pathway,
  title={Pathway Commons, a web resource for biological pathway data},
  author={Cerami, Ethan G and Gross, Benjamin E and Demir, Emek and Rodchenkov, Igor and Babur, {\"O}zg{\"u}n and Anwar, Nadia and Schultz, Nikolaus and Bader, Gary D and Sander, Chris},
  journal={Nucleic acids research},
  volume={39},
  number={suppl\_1},
  pages={D685--D690},
  year={2010},
  publisher={Oxford University Press}
}

@inproceedings{nigam2015datums,
  title={Inferring executable models from formalized experimental evidence},
  author={Nigam, Vivek and Donaldson, Robin and Knapp, Merrill and McCarthy, Tim and Talcott, Carolyn},
  booktitle={International Conference on Computational Methods in Systems Biology},
  pages={90--103},
  year={2015},
  organization={Springer}
}

@inproceedings{gil2018mint,
  title={MINT: model integration through knowledge-powered data and process composition},
  author={Gil, Yolanda and Cobourn, Kelly and Deelman, Ewa and Duffy, Chris and da Silva, Rafael Ferreira and Kemanian, Armen and Knoblock, Craig and Kumar, Vipin and Peckham, Scott and Carvalho, Lucas and others},
  booktitle={9th International Congress on Environmental Modelling and Software},
  year={2018}
}

@inproceedings{semanticModels2019,
	Author = {Herlihy, Christine and Cao, Kun and Reparti, Sreenath and Briscoe, Erica and Fairbanks, James},
	Booktitle = {Modeling the World's Systems},
	Title = {Semantic Program Analysis for Scientific Model Augmentation},
	Year = {2019}
}

@article{johnston2004dataflowadvances,
  title={Advances in dataflow programming languages},
  author={Johnston, Wesley M and Hanna, JR and Millar, Richard J},
  journal={ACM computing surveys (CSUR)},
  volume={36},
  number={1},
  pages={1--34},
  year={2004},
  publisher={ACM}
}

@article{camargo2016six,
	Author = {Camargo, GGT and Kemanian, AR},
	Journal = {Agricultural and forest meteorology},
	Pages = {116--129},
	Publisher = {Elsevier},
	Title = {Six crop models differ in their simulation of water uptake},
	Volume = {220},
	Year = {2016}
}

@article{adams2009dakota,
	Author = {Adams, Brian M and Bohnhoff, WJ and Dalbey, KR and Eddy, JP and Eldred, MS and Gay, DM and Haskell, K and Hough, Patricia D and Swiler, Laura P},
	Journal = {Sandia National Laboratories, Tech. Rep. SAND2010-2183},
	Title = {DAKOTA, a multilevel parallel object-oriented framework for design optimization, parameter estimation, uncertainty quantification, and sensitivity analysis: version 5.0 user's manual},
	Year = {2009}
}

@article{fei2010dataflow,
  title={A dataflow-based scientific workflow composition framework},
  author={Fei, Xubo and Lu, Shiyong},
  journal={IEEE Transactions on Services Computing},
  volume={5},
  number={1},
  pages={45--58},
  year={2010},
  publisher={IEEE}
}

@article{DSSAT,
	Author = {J.W Jones and G Hoogenboom and C.H Porter and K.J Boote and W.D Batchelor and L.A Hunt and P.W Wilkens and U Singh and A.J Gijsman and J.T Ritchie},
	Doi = {https://doi.org/10.1016/S1161-0301(02)00107-7},
	Issn = {1161-0301},
	Journal = {European Journal of Agronomy},
	Keywords = {Crop simulation, Weather, Research tool, Decision aid},
	Note = {Modelling Cropping Systems: Science, Software and Applications},
	Number = {3},
	Pages = {235 - 265},
	Title = {The DSSAT cropping system model},
	Url = {http://www.sciencedirect.com/science/article/pii/S1161030102001077},
	Volume = {18},
	Year = {2003},
	Bdsk-Url-1 = {http://www.sciencedirect.com/science/article/pii/S1161030102001077},
	Bdsk-Url-2 = {https://doi.org/10.1016/S1161-0301(02)00107-7}
}

@inproceedings{valenzuela2015Odin,
  title={Odin's Runes: A Rule Language for Information Extraction},
  author={Marco Antonio Valenzuela-Escarcega and Gus Hahn-Powell and Mihai Surdeanu},
  booktitle={LREC},
  year={2016}
}

@article{peckham2017reproducible,
  title={Reproducible, component-based modeling with TopoFlow, a spatial hydrologic modeling toolkit},
  author={Peckham, Scott D and Stoica, Maria and Jafarov, Elchin and Endalamaw, Abraham and Bolton, W Robert},
  journal={Earth and Space Science},
  volume={4},
  number={6},
  pages={377--394},
  year={2017},
  publisher={Wiley Online Library}
}

@inproceedings{allen1970CFG,
	Author = {Allen, Frances E},
	Booktitle = {ACM Sigplan Notices},
	Number = {7},
	Organization = {ACM},
	Pages = {1--19},
	Title = {Control flow analysis},
	Volume = {5},
	Year = {1970}
}

@article{simovici2008miningTools,
	Author = {Simovici, Dan A and Djeraba, Chabane},
	Journal = {SpringerVerlag, London},
	Publisher = {Springer},
	Title = {Mathematical tools for data mining},
	Year = {2008}
}

@book{aho1986dragonBook,
	Author = {Aho, Alfred V and Sethi, Ravi and Ullman, Jeffrey D},
	Journal = {Addison wesley},
	Publisher = {Addison Wesley},
	Title = {Compilers, principles, techniques},
	Volume = {7},
	Year = {1986}
}

@book{bondy1976graph,
	Author = {Bondy, John Adrian and Murty, Uppaluri Siva Ramachandra and others},
	Publisher = {Citeseer},
	Title = {Graph theory with applications},
	Volume = {290},
	Year = {1976}}

@book{chartrand1977introGraphTheory,
  title={Introductory graph theory},
  author={Chartrand, Gary},
  year={1977},
  publisher={Courier Corporation}
}

@book{pearl2009causality,
	Author = {Pearl, Judea},
	Publisher = {Cambridge university press},
	Title = {Causality},
	Year = {2009}
}

@book{pearl2014probabilistic,
  title={Probabilistic reasoning in intelligent systems: networks of plausible inference},
  author={Pearl, Judea},
  year={2014},
  publisher={Elsevier}
}

@book{bishop2006pattern,
	Author = {Bishop, Christopher M},
	Publisher = {Springer},
	Title = {Pattern recognition and machine learning},
	Year = {2006}
}

@book{wadge1985lucid,
  title={LUCID, the dataflow programming language},
  author={Wadge, William W and Ashcroft, Edward A},
  volume={303},
  year={1985},
  publisher={Academic Press London}
}

@misc{sedgewick2002algorithmsInC,
	Author = {Sedgewick, Robert},
	Publisher = {Addison-Wesley},
	Title = {Algorithms in C++ Part 5: Graph Algorithms (Pt. 5)},
	Year = {2002}
}

@InCollection{frigg2006models,
	author       =	{Frigg, Roman and Hartmann, Stephan},
	title        =	{Models in Science},
	booktitle    =	{The Stanford Encyclopedia of Philosophy},
	editor       =	{Edward N. Zalta},
	howpublished =	{\url{https://plato.stanford.edu/archives/sum2018/entries/models-science/}},
	year         =	{2018},
	edition      =	{Summer 2018},
	publisher    =	{Metaphysics Research Lab, Stanford University}
}

@book{giere2010explaining,
  title={Explaining science: A cognitive approach},
  author={Giere, Ronald N},
  year={2010},
  publisher={University of Chicago Press}
}

@article{morrison2009models,
  title={Models, measurement and computer simulation: the changing face of experimentation},
  author={Morrison, Margaret},
  journal={Philosophical Studies},
  volume={143},
  number={1},
  pages={33--57},
  year={2009},
  publisher={Springer}
}

@article{Patterson2017DataflowRO,
  title={Dataflow representation of data analyses: Toward a platform for collaborative data science},
  author={Evan Patterson and Robert N. McBurney and Heinz W. Schmidt and Ioana Baldini and Aleksandra Mojsilovic and Kush R. Varshney},
  journal={IBM Journal of Research and Development},
  year={2017},
  volume={61},
  pages={9}
}

@article{Patterson2018TeachingMT,
  title={Teaching machines to understand data science code by semantic enrichment of dataflow graphs},
  author={Evan Patterson and Ioana Baldini and Aleksandra Mojsilovic and Kush R. Varshney},
  journal={ArXiv},
  year={2018},
  volume={abs/1807.05691}
}

@inproceedings{Unbehauen2012KnowledgeEF,
  title={Knowledge Extraction from Structured Sources},
  author={J{\"o}rg Unbehauen and Sebastian Hellmann and S{\"o}ren Auer and Claus Stadler},
  booktitle={SeCO Book},
  year={2012}
}

@article{Wimalasuriya2010OntologybasedIE,
  title={Ontology-based information extraction: An introduction and a survey of current approaches},
  author={Daya C. Wimalasuriya and Dejing Dou},
  journal={J. Inf. Sci.},
  year={2010},
  volume={36},
  pages={306-323}
}

@article{Fayyad1996FromDM,
  title={From Data Mining to Knowledge Discovery in Databases},
  author={Usama M. Fayyad and Gregory Piatetsky-Shapiro and Padhraic Smyth},
  journal={AI Magazine},
  year={1996},
  volume={17},
  pages={37-54}
}

@inproceedings{Fayyad1997KnowledgeDI,
  title={Knowledge Discovery in Databases: An Overview},
  author={Usama M. Fayyad},
  booktitle={ILP},
  year={1997}
}
